
    <zs:record>
      <zs:recordSchema/>
      <zs:recordPacking>xml</zs:recordPacking>
      <zs:recordData>
        <record xmlns="http://www.loc.gov/MARC21/slim">
          <leader>00995cam a22002771  4500</leader>
          <controlfield tag="001">7012323</controlfield>
          <controlfield tag="005">20130329132200.0</controlfield>
          <controlfield tag="008">960501s1959    miu           000 0 eng  </controlfield>
          <datafield tag="035" ind1=" " ind2=" ">
            <subfield code="9">(DLC)   59000964</subfield>
          </datafield>
          <datafield tag="906" ind1=" " ind2=" ">
            <subfield code="a">7</subfield>
            <subfield code="b">cbc</subfield>
            <subfield code="c">oclcrpl</subfield>
            <subfield code="d">u</subfield>
            <subfield code="e">ncip</subfield>
            <subfield code="f">19</subfield>
            <subfield code="g">y-gencatlg</subfield>
          </datafield>
          <datafield tag="010" ind1=" " ind2=" ">
            <subfield code="a">   59000964 </subfield>
          </datafield>
          <datafield tag="035" ind1=" " ind2=" ">
            <subfield code="a">(OCoLC)34660397</subfield>
          </datafield>
          <datafield tag="040" ind1=" " ind2=" ">
            <subfield code="a">DLC</subfield>
            <subfield code="c">IRivfR</subfield>
            <subfield code="d">DLC</subfield>
          </datafield>
          <datafield tag="050" ind1="0" ind2="0">
            <subfield code="a">DA377.2.R8</subfield>
            <subfield code="b">T45 1959</subfield>
          </datafield>
          <datafield tag="100" ind1="1" ind2=" ">
            <subfield code="a">Thomson, Gladys Scott.</subfield>
          </datafield>
          <datafield tag="245" ind1="1" ind2="0">
            <subfield code="a">Life in a noble household 1641-1700 /</subfield>
            <subfield code="c">with a foreword by G.M. Trevelyan.</subfield>
          </datafield>
          <datafield tag="260" ind1=" " ind2=" ">
            <subfield code="a">[Ann Arbor]:</subfield>
            <subfield code="b">University of Michigan Press,</subfield>
            <subfield code="c">[1959]</subfield>
          </datafield>
          <datafield tag="300" ind1=" " ind2=" ">
            <subfield code="a">406 p.;</subfield>
            <subfield code="c">21 cm.</subfield>
          </datafield>
          <datafield tag="490" ind1="0" ind2=" ">
            <subfield code="a">Ann Arbor paperbacks,</subfield>
            <subfield code="v">27</subfield>
          </datafield>
          <datafield tag="610" ind1="0" ind2="0">
            <subfield code="a">Russell family.</subfield>
          </datafield>
          <datafield tag="651" ind1=" " ind2="0">
            <subfield code="a">England</subfield>
            <subfield code="x">Social life and customs</subfield>
            <subfield code="y">17th century.</subfield>
          </datafield>
          <datafield tag="650" ind1=" " ind2="0">
            <subfield code="a">Home economics</subfield>
            <subfield code="x">History</subfield>
            <subfield code="y">17th century.</subfield>
          </datafield>
          <datafield tag="650" ind1=" " ind2="0">
            <subfield code="a">Prices</subfield>
            <subfield code="z">Great Britain</subfield>
            <subfield code="x">History</subfield>
            <subfield code="y">17th century.</subfield>
          </datafield>
          <datafield tag="600" ind1="1" ind2="0">
            <subfield code="a">Bedford, William Russell,</subfield>
            <subfield code="c">Duke of,</subfield>
            <subfield code="d">1613-1700.</subfield>
          </datafield>
          <datafield tag="985" ind1=" " ind2=" ">
            <subfield code="e">OCLC REPLACEMENT</subfield>
          </datafield>
          <datafield tag="991" ind1=" " ind2=" ">
            <subfield code="b">c-GenColl</subfield>
            <subfield code="h">DA377.2.R8</subfield>
            <subfield code="i">T45 1959</subfield>
            <subfield code="t">Copy 1</subfield>
            <subfield code="w">OCLCREP</subfield>
          </datafield>
        </record>
      </zs:recordData>
      <zs:recordPosition>7</zs:recordPosition>
    </zs:record>